@inproceedings{casa,
author = {Foerster, Klaus-Tycho and Pignolet, Yvonne-Anne and Schmid, Stefan and Tredan, Gilles},
title = {CASA: Congestion and Stretch Aware Static Fast Rerouting},
year = {2019},
publisher = {IEEE Press},
url = {https://doi.org/10.1109/INFOCOM.2019.8737438},
doi = {10.1109/INFOCOM.2019.8737438},
booktitle = {IEEE INFOCOM 2019 - IEEE Conference on Computer Communications},
pages = {469–477},
numpages = {9},
location = {Paris, France}
},


@inproceedings{tree,
author = {Schweiger, Oliver and Foerster, Klaus-Tycho and Schmid, Stefan},
title = {Improving the Resilience of Fast Failover Routing: TREE (Tree Routing to Extend Edge Disjoint Paths)},
year = {2022},
isbn = {9781450391689},
publisher = {Association for Computing Machinery},
address = {New York, NY, USA},
url = {https://doi.org/10.1145/3493425.3502747},
doi = {10.1145/3493425.3502747},
booktitle = {Proceedings of the Symposium on Architectures for Networking and Communications Systems},
pages = {1–7},
numpages = {7},
keywords = {routing schemes, data plane, network resilience, fast reroute},
location = {Layfette, IN, USA},
series = {ANCS '21}
},

@misc{fast-failover-og,
  author    = {Klaus-Tycho Foerster and Andrzej Kamisinski and
               Yvonne-Anne Pignolet and Stefan Schmid and Gilles Tr{\'{e}}dan},
  title = {fast-failover},
  year = {2010},
  publisher = {GitHub},
  journal = {GitHub repository},
  howpublished = {\url{https://gitlab.cs.univie.ac.at/ct-papers/fast-failover}}
},

@misc{my-repo,
  author    = {Georgio Karamoussanlis},
  title = {fast-failover-with-checkpoints},
  year = {2024},
  publisher = {GitHub},
  journal = {GitHub repository},
  howpublished = {\url{https://github.com/JorgoJorgo/fast-failover-with-checkpoints}}
},

@book{treeIsPlanar,
  address = {Upper Saddle River, N.J.},
  author = {West, Douglas B.},
  biburl = {https://www.bibsonomy.org/bibtex/21464ff6c9c2f536c4967b4f78d92e99d/ytyoun},
  edition = {Second},
  interhash = {b8bd53d3e14784f93fdb27f15e3feb2d},
  intrahash = {1464ff6c9c2f536c4967b4f78d92e99d},
  isbn = {0130144002 9780130144003},
  publisher = {Prentice Hall},
  refid = {43903794},
  title = {Introduction to Graph Theory},
  pages = {95-100,233-269},
  year = 2001
},

@ARTICLE{facerouting,
  author={Stojmenovic, I.},
  journal={IEEE Communications Magazine}, 
  title={Position-based routing in ad hoc networks}, 
  year={2002},
  volume={40},
  number={7},
  pages={128-134},
  keywords={Intelligent networks;Ad hoc networks;Wireless sensor networks;Broadcasting;Routing protocols;Costs;Telecommunication traffic;Mobile ad hoc networks;Monitoring;Global Positioning System},
  doi={10.1109/MCOM.2002.1018018}},

@ARTICLE{topologyZoo,
  author={Knight, Simon and Nguyen, Hung X. and Falkner, Nickolas and Bowden, Rhys and Roughan, Matthew},
  journal={IEEE Journal on Selected Areas in Communications}, 
  title={The Internet Topology Zoo}, 
  year={2011},
  volume={29},
  number={9},
  pages={1765-1775},
  keywords={Network topology;Topology;Companies;Internet topology;Current measurement;Accuracy;IP networks;Network topology;graph theory;graph format},
  doi={10.1109/JSAC.2011.111002}},

@INPROCEEDINGS{clusteredFailures,
  author={Foerster, Klaus-Tycho and Kamisiński, Andrzej and Pignolet, Yvonne-Anne and Schmid, Stefan and Tredan, Gilles},
  booktitle={IEEE INFOCOM 2021 - IEEE Conference on Computer Communications}, 
  title={Grafting Arborescences for Extra Resilience of Fast Rerouting Schemes}, 
  year={2021},
  volume={},
  number={},
  pages={1-10},
  keywords={Network topology;Conferences;Clustering algorithms;Routing;Reproducibility of results;Heterogeneous networks;Data models},
  doi={10.1109/INFOCOM42981.2021.9488782}}


@INPROCEEDINGS{facerouting2,
  author={Leong, B. and Mitra, S. and Liskov, B.},
  booktitle={13TH IEEE International Conference on Network Protocols (ICNP'05)}, 
  title={Path vector face routing: geographic routing with local face information}, 
  year={2005},
  volume={},
  number={},
  pages={12 pp.-158},
  keywords={Planarization;Routing protocols;Costs;Bandwidth;Radio network;Switches;Computer science;Artificial intelligence;Laboratories;Network topology},
  doi={10.1109/ICNP.2005.32}},

@InProceedings{only-edp1,
  author =	{Marco Chiesa and Andrei Gurtov and Aleksander Madry and Slobodan Mitrovic and Ilya Nikolaevskiy and Michael Shapira and Scott Shenker},
  title =	{{On the Resiliency of Randomized Routing Against Multiple Edge Failures}},
  booktitle =	{43rd International Colloquium on Automata, Languages, and Programming (ICALP 2016)},
  pages =	{134:1--134:15},
  series =	{Leibniz International Proceedings in Informatics (LIPIcs)},
  ISBN =	{978-3-95977-013-2},
  ISSN =	{1868-8969},
  year =	{2016},
  volume =	{55},
  editor =	{Ioannis Chatzigiannakis and Michael Mitzenmacher and Yuval Rabani and Davide Sangiorgi},
  publisher =	{Schloss Dagstuhl--Leibniz-Zentrum fuer Informatik},
  address =	{Dagstuhl, Germany},
  URL =		{http://drops.dagstuhl.de/opus/volltexte/2016/6269},
  URN =		{urn:nbn:de:0030-drops-62692},
  doi =		{10.4230/LIPIcs.ICALP.2016.134},
  annote =	{Keywords: Randomized, Routing, Resilience, Connectivity, Arborescenses}
},

@ARTICLE{only-edp2,
  author={Chiesa, Marco and Nikolaevskiy, Ilya and Mitrović, Slobodan and Gurtov, Andrei and Madry, Aleksander and Schapira, Michael and Shenker, Scott},
  journal={IEEE/ACM Transactions on Networking}, 
  title={On the Resiliency of Static Forwarding Tables}, 
  year={2017},
  volume={25},
  number={2},
  pages={1133-1146},
  doi={10.1109/TNET.2016.2619398}},

@techreport{networkx,
  title={Exploring network structure, dynamics, and function using NetworkX},
  author={Hagberg, Aric and Swart, Pieter and S Chult, Daniel},
  year={2008},
  institution={Los Alamos National Lab.(LANL), Los Alamos, NM (United States)}
} 
