@inproceedings{casa,
author = {Foerster, Klaus-Tycho and Pignolet, Yvonne-Anne and Schmid, Stefan and Tredan, Gilles},
title = {CASA: Congestion and Stretch Aware Static Fast Rerouting},
year = {2019},
publisher = {IEEE Press},
url = {https://doi.org/10.1109/INFOCOM.2019.8737438},
doi = {10.1109/INFOCOM.2019.8737438},
booktitle = {IEEE INFOCOM 2019 - IEEE Conference on Computer Communications},
pages = {469–477},
numpages = {9},
location = {Paris, France}
},

@inproceedings{DBLP:conf/nsdi/LiuPSGSS13,
  author       = {Junda Liu and
                  Aurojit Panda and
                  Ankit Singla and
                  Brighten Godfrey and
                  Michael Schapira and
                  Scott Shenker},
  editor       = {Nick Feamster and
                  Jeffrey C. Mogul},
  title        = {Ensuring Connectivity via Data Plane Mechanisms},
  booktitle    = {Proceedings of the 10th {USENIX} Symposium on Networked Systems Design
                  and Implementation, {NSDI} 2013, Lombard, IL, USA, April 2-5, 2013},
  pages        = {113--126},
  publisher    = {{USENIX} Association},
  year         = {2013},
  url          = {https://www.usenix.org/conference/nsdi13/technical-sessions/presentation/liu\_junda},
  timestamp    = {Tue, 02 Feb 2021 08:05:50 +0100},
  biburl       = {https://dblp.org/rec/conf/nsdi/LiuPSGSS13.bib},
  bibsource    = {dblp computer science bibliography, https://dblp.org}
},


@inproceedings{tree,
author = {Schweiger, Oliver and Foerster, Klaus-Tycho and Schmid, Stefan},
title = {Improving the Resilience of Fast Failover Routing: TREE (Tree Routing to Extend Edge Disjoint Paths)},
year = {2022},
isbn = {9781450391689},
publisher = {Association for Computing Machinery},
address = {New York, NY, USA},
url = {https://doi.org/10.1145/3493425.3502747},
doi = {10.1145/3493425.3502747},
booktitle = {Proceedings of the Symposium on Architectures for Networking and Communications Systems},
pages = {1–7},
numpages = {7},
keywords = {routing schemes, data plane, network resilience, fast reroute},
location = {Layfette, IN, USA},
series = {ANCS '21}
},

@misc{fast-failover-og,
  author    = {Klaus-Tycho Foerster and Andrzej Kamisinski and
               Yvonne-Anne Pignolet and Stefan Schmid and Gilles Tr{\'{e}}dan},
  title = {fast-failover},
  year = {2022},
  publisher = {GitLab},
  journal = {GitLab repository},
  howpublished = {\url{https://gitlab.cs.univie.ac.at/ct-papers/fast-failover}}
},

@misc{my-repo,
  author    = {Georgio Karamoussanlis},
  title = {fast-failover-with-checkpoints},
  year = {2024},
  publisher = {GitHub},
  journal = {GitHub repository},
  howpublished = {\url{https://github.com/JorgoJorgo/fast-failover-with-checkpoints}}
},

@book{treeIsPlanar,
  address = {Upper Saddle River, N.J.},
  author = {West, Douglas B.},
  biburl = {https://www.bibsonomy.org/bibtex/21464ff6c9c2f536c4967b4f78d92e99d/ytyoun},
  edition = {Second},
  interhash = {b8bd53d3e14784f93fdb27f15e3feb2d},
  intrahash = {1464ff6c9c2f536c4967b4f78d92e99d},
  isbn = {0130144002 9780130144003},
  publisher = {Prentice Hall},
  refid = {43903794},
  title = {Introduction to Graph Theory},
  pages = {95-100,233-269},
  year = 2001
},

@ARTICLE{faceroutingA,
  author={Stojmenovic, I.},
  journal={IEEE Communications Magazine}, 
  title={Position-based routing in ad hoc networks}, 
  year={2002},
  volume={40},
  number={7},
  pages={128-134},
  keywords={Intelligent networks;Ad hoc networks;Wireless sensor networks;Broadcasting;Routing protocols;Costs;Telecommunication traffic;Mobile ad hoc networks;Monitoring;Global Positioning System},
  doi={10.1109/MCOM.2002.1018018}},

  @article{facerouting,
  author       = {Ivan Stojmenovic},
  title        = {Position-based routing in ad hoc networks},
  journal      = {{IEEE} Commun. Mag.},
  volume       = {40},
  number       = {7},
  pages        = {128--134},
  year         = {2002},
  url          = {https://doi.org/10.1109/MCOM.2002.1018018},
  doi          = {10.1109/MCOM.2002.1018018},
  timestamp    = {Tue, 02 Mar 2021 08:49:48 +0100},
  biburl       = {https://dblp.org/rec/journals/cm/Stojmenovic02.bib},
  bibsource    = {dblp computer science bibliography, https://dblp.org}
}

@ARTICLE{topologyZooA,
  author={Knight, Simon and Nguyen, Hung X. and Falkner, Nickolas and Bowden, Rhys and Roughan, Matthew},
  journal={IEEE Journal on Selected Areas in Communications}, 
  title={The Internet Topology Zoo}, 
  year={2011},
  volume={29},
  number={9},
  pages={1765-1775},
  keywords={Network topology;Topology;Companies;Internet topology;Current measurement;Accuracy;IP networks;Network topology;graph theory;graph format},
  doi={10.1109/JSAC.2011.111002}},

  @article{topologyZoo,
  author       = {Simon Knight and
                  Hung X. Nguyen and
                  Nick Falkner and
                  Rhys Alistair Bowden and
                  Matthew Roughan},
  title        = {The Internet Topology Zoo},
  journal      = {{IEEE} J. Sel. Areas Commun.},
  volume       = {29},
  number       = {9},
  pages        = {1765--1775},
  year         = {2011},
  url          = {https://doi.org/10.1109/JSAC.2011.111002},
  doi          = {10.1109/JSAC.2011.111002},
  timestamp    = {Thu, 02 Apr 2020 08:41:22 +0200},
  biburl       = {https://dblp.org/rec/journals/jsac/KnightNFBR11.bib},
  bibsource    = {dblp computer science bibliography, https://dblp.org}
}

  @inproceedings{clusteredFailures,
  author       = {Klaus{-}Tycho Foerster and
                  Andrzej Kamisinski and
                  Yvonne{-}Anne Pignolet and
                  Stefan Schmid and
                  Gilles Tr{\'{e}}dan},
  title        = {Grafting Arborescences for Extra Resilience of Fast Rerouting Schemes},
  booktitle    = {40th {IEEE} Conference on Computer Communications, {INFOCOM} 2021,
                  Vancouver, BC, Canada, May 10-13, 2021},
  pages        = {1--10},
  publisher    = {{IEEE}},
  year         = {2021},
  url          = {https://doi.org/10.1109/INFOCOM42981.2021.9488782},
  doi          = {10.1109/INFOCOM42981.2021.9488782},
  timestamp    = {Tue, 07 May 2024 20:06:16 +0200},
  biburl       = {https://dblp.org/rec/conf/infocom/FoersterKP0T21.bib},
  bibsource    = {dblp computer science bibliography, https://dblp.org}
}


@INPROCEEDINGS{facerouting2A,
  author={Leong, B. and Mitra, S. and Liskov, B.},
  booktitle={13TH IEEE International Conference on Network Protocols (ICNP'05)}, 
  title={Path vector face routing: geographic routing with local face information}, 
  year={2005},
  volume={},
  number={},
  pages={12 pp.-158},
  keywords={Planarization;Routing protocols;Costs;Bandwidth;Radio network;Switches;Computer science;Artificial intelligence;Laboratories;Network topology},
  doi={10.1109/ICNP.2005.32}},

  @inproceedings{facerouting2,
  author       = {Ben Leong and
                  Sayan Mitra and
                  Barbara Liskov},
  title        = {Path Vector Face Routing: Geographic Routing with Local Face Information},
  booktitle    = {13th {IEEE} International Conference on Network Protocols {(ICNP}
                  2005), 6-9 November 2005, Boston, MA, {USA}},
  pages        = {147--158},
  publisher    = {{IEEE} Computer Society},
  year         = {2005},
  url          = {https://doi.org/10.1109/ICNP.2005.32},
  doi          = {10.1109/ICNP.2005.32},
  timestamp    = {Sat, 30 Sep 2023 09:46:05 +0200},
  biburl       = {https://dblp.org/rec/conf/icnp/LeongML05.bib},
  bibsource    = {dblp computer science bibliography, https://dblp.org}
}

@InProceedings{only-edp1,
  author =	{Marco Chiesa and Andrei Gurtov and Aleksander Madry and Slobodan Mitrovic and Ilya Nikolaevskiy and Michael Shapira and Scott Shenker},
  title =	{{On the Resiliency of Randomized Routing Against Multiple Edge Failures}},
  booktitle =	{43rd International Colloquium on Automata, Languages, and Programming (ICALP 2016)},
  pages =	{134:1--134:15},
  series =	{Leibniz International Proceedings in Informatics (LIPIcs)},
  ISBN =	{978-3-95977-013-2},
  ISSN =	{1868-8969},
  year =	{2016},
  volume =	{55},
  editor =	{Ioannis Chatzigiannakis and Michael Mitzenmacher and Yuval Rabani and Davide Sangiorgi},
  publisher =	{Schloss Dagstuhl--Leibniz-Zentrum fuer Informatik},
  address =	{Dagstuhl, Germany},
  URL =		{http://drops.dagstuhl.de/opus/volltexte/2016/6269},
  URN =		{urn:nbn:de:0030-drops-62692},
  doi =		{10.4230/LIPIcs.ICALP.2016.134},
  annote =	{Keywords: Randomized, Routing, Resilience, Connectivity, Arborescenses}
},

@ARTICLE{only-edp2ALT,
  author={Chiesa, Marco and Nikolaevskiy, Ilya and Mitrović, Slobodan and Gurtov, Andrei and Madry, Aleksander and Schapira, Michael and Shenker, Scott},
  journal={IEEE/ACM Transactions on Networking}, 
  title={On the Resiliency of Static Forwarding Tables}, 
  year={2017},
  volume={25},
  number={2},
  pages={1133-1146},
  doi={10.1109/TNET.2016.2619398}},

  @article{only-edp2,
  author       = {Marco Chiesa and
                  Ilya Nikolaevskiy and
                  Slobodan Mitrovic and
                  Andrei V. Gurtov and
                  Aleksander Madry and
                  Michael Schapira and
                  Scott Shenker},
  title        = {On the Resiliency of Static Forwarding Tables},
  journal      = {{IEEE/ACM} Trans. Netw.},
  volume       = {25},
  number       = {2},
  pages        = {1133--1146},
  year         = {2017},
  url          = {https://doi.org/10.1109/TNET.2016.2619398},
  doi          = {10.1109/TNET.2016.2619398},
  timestamp    = {Thu, 21 Sep 2017 12:05:15 +0200},
  biburl       = {https://dblp.org/rec/journals/ton/ChiesaNMGMSS17.bib},
  bibsource    = {dblp computer science bibliography, https://dblp.org}
}

@techreport{networkx,
  title={Exploring network structure, dynamics, and function using NetworkX},
  author={Hagberg, Aric and Swart, Pieter and S Chult, Daniel},
  year={2008},
  institution={Los Alamos National Lab.(LANL), Los Alamos, NM (United States)}
} 

@article{DBLP:journals/comsur/CadgerCSM13,
  author       = {Fraser Cadger and
                  Kevin Curran and
                  Jose A. Santos and
                  Sandra Moffett},
  title        = {A Survey of Geographical Routing in Wireless Ad-Hoc Networks},
  journal      = {{IEEE} Commun. Surv. Tutorials},
  volume       = {15},
  number       = {2},
  pages        = {621--653},
  year         = {2013},
  url          = {https://doi.org/10.1109/SURV.2012.062612.00109},
  doi          = {10.1109/SURV.2012.062612.00109},
  timestamp    = {Thu, 09 Apr 2020 17:12:39 +0200},
  biburl       = {https://dblp.org/rec/journals/comsur/CadgerCSM13.bib},
  bibsource    = {dblp computer science bibliography, https://dblp.org}
}

@inproceedings{DBLP:conf/dsn/FoersterHPST22,
  author       = {Klaus{-}Tycho Foerster and
                  Juho Hirvonen and
                  Yvonne{-}Anne Pignolet and
                  Stefan Schmid and
                  Gilles Tr{\'{e}}dan},
  title        = {On the Price of Locality in Static Fast Rerouting},
  booktitle    = {52nd Annual {IEEE/IFIP} International Conference on Dependable Systems
                  and Networks, {DSN} 2022, Baltimore, MD, USA, June 27-30, 2022},
  pages        = {215--226},
  publisher    = {{IEEE}},
  year         = {2022},
  url          = {https://doi.org/10.1109/DSN53405.2022.00032},
  doi          = {10.1109/DSN53405.2022.00032},
  timestamp    = {Tue, 07 May 2024 20:05:32 +0200},
  biburl       = {https://dblp.org/rec/conf/dsn/FoersterHPST22.bib},
  bibsource    = {dblp computer science bibliography, https://dblp.org}
}

@inproceedings{DBLP:conf/apocs/FoersterHPST21,
  author       = {Klaus{-}Tycho Foerster and
                  Juho Hirvonen and
                  Yvonne{-}Anne Pignolet and
                  Stefan Schmid and
                  Gilles Tr{\'{e}}dan},
  editor       = {Michael Schapira},
  title        = {On the Feasibility of Perfect Resilience with Local Fast Failover},
  booktitle    = {2nd Symposium on Algorithmic Principles of Computer Systems, {APOCS}
                  2020, Virtual Conference, January 13, 2021},
  pages        = {55--69},
  publisher    = {{SIAM}},
  year         = {2021},
  url          = {https://doi.org/10.1137/1.9781611976489.5},
  doi          = {10.1137/1.9781611976489.5},
  timestamp    = {Wed, 17 Mar 2021 13:58:55 +0100},
  biburl       = {https://dblp.org/rec/conf/apocs/FoersterHPST21.bib},
  bibsource    = {dblp computer science bibliography, https://dblp.org}
}

@article{DBLP:journals/comsur/ChiesaKRRS21,
  author       = {Marco Chiesa and
                  Andrzej Kamisinski and
                  Jacek Rak and
                  G{\'{a}}bor R{\'{e}}tv{\'{a}}ri and
                  Stefan Schmid},
  title        = {A Survey of Fast-Recovery Mechanisms in Packet-Switched Networks},
  journal      = {{IEEE} Commun. Surv. Tutorials},
  volume       = {23},
  number       = {2},
  pages        = {1253--1301},
  year         = {2021},
  url          = {https://doi.org/10.1109/COMST.2021.3063980},
  doi          = {10.1109/COMST.2021.3063980},
  timestamp    = {Thu, 27 Jul 2023 08:18:35 +0200},
  biburl       = {https://dblp.org/rec/journals/comsur/ChiesaKRRS21.bib},
  bibsource    = {dblp computer science bibliography, https://dblp.org}
}

@article{surveyInternetOutages,
  author       = {Giuseppe Aceto and
                  Alessio Botta and
                  Pietro Marchetta and
                  Valerio Persico and
                  Antonio Pescap{\`{e}}},
  title        = {A comprehensive survey on internet outages},
  journal      = {J. Netw. Comput. Appl.},
  volume       = {113},
  pages        = {36--63},
  year         = {2018},
  url          = {https://doi.org/10.1016/j.jnca.2018.03.026},
  doi          = {10.1016/J.JNCA.2018.03.026},
  timestamp    = {Mon, 24 Feb 2020 15:55:46 +0100},
  biburl       = {https://dblp.org/rec/journals/jnca/AcetoBMPP18.bib},
  bibsource    = {dblp computer science bibliography, https://dblp.org}
}

@inproceedings{measurementsFailuresDataCenters,
  author       = {Phillipa Gill and
                  Navendu Jain and
                  Nachiappan Nagappan},
  editor       = {Srinivasan Keshav and
                  J{\"{o}}rg Liebeherr and
                  John W. Byers and
                  Jeffrey C. Mogul},
  title        = {Understanding network failures in data centers: measurement, analysis,
                  and implications},
  booktitle    = {Proceedings of the {ACM} {SIGCOMM} 2011 Conference on Applications,
                  Technologies, Architectures, and Protocols for Computer Communications,
                  Toronto, ON, Canada, August 15-19, 2011},
  pages        = {350--361},
  publisher    = {{ACM}},
  year         = {2011},
  url          = {https://doi.org/10.1145/2018436.2018477},
  doi          = {10.1145/2018436.2018477},
  timestamp    = {Fri, 12 Mar 2021 14:14:34 +0100},
  biburl       = {https://dblp.org/rec/conf/sigcomm/GillJN11.bib},
  bibsource    = {dblp computer science bibliography, https://dblp.org}
}

@inproceedings{blackHolesInternetHubble,
  author       = {Ethan Katz{-}Bassett and
                  Harsha V. Madhyastha and
                  John P. John and
                  Arvind Krishnamurthy and
                  David Wetherall and
                  Thomas E. Anderson},
  editor       = {Jon Crowcroft and
                  Michael Dahlin},
  title        = {Studying Black Holes in the Internet with Hubble},
  booktitle    = {5th {USENIX} Symposium on Networked Systems Design {\&} Implementation,
                  {NSDI} 2008, April 16-18, 2008, San Francisco, CA, USA, Proceedings},
  pages        = {247--262},
  publisher    = {{USENIX} Association},
  year         = {2008},
  url          = {http://www.usenix.org/events/nsdi08/tech/full\_papers/katz-bassett/katz-bassett.pdf},
  timestamp    = {Thu, 12 Mar 2020 11:35:21 +0100},
  biburl       = {https://dblp.org/rec/conf/nsdi/Katz-BassettMJKWA08.bib},
  bibsource    = {dblp computer science bibliography, https://dblp.org}
}